@techreport{ 
	reusing-silicon,
	Author = "Oliver J. and  Rajeevan A. and Venkatesh A. and Roland G. and Frederic T.",
	Title = "Life Cycle Aware Computing: reusing silicon tecnhnology",
	Institution = "IEEE"
}

@techreport{ 
	onu-e-waste,
	Author = "Organizacion de las Naciones Unidas",
	Title = "Recycling - from E-waste to Resources.",
	Institution = "Organizacion de las Naciones Unidas."
}

@techreport{ 
	japan-report,
	Author = "Charter M.",
	Title = "Unofficial report on the DTI Mission focussed on electronics recycling in Japan.",
	Institution = "University College for the Creative Arts (UCCA), UK."
}

@misc{ 
	LPEUR,
	Author = "Japan",
	Title = "Law for Promotion of Effective Utilization of Resources.",
	Howpublished = "http://www.meti.go.jp/english/information/data/cReEffectLe.pdf"
}

@misc{ 
	SIA,
	Author = "",
	Title = "SemiConductor Industry Association, Global Sales Report",
	Howpublished = "http://www.sia-online.org/industry-statistics/global-sales-report/"
}

@misc{ 
	eurostat1,
	Author = "EuroStat",
	Title = "Gas and electricity market statistics",
	Howpublished = "http://epp.eurostat.ec.europa.eu/"
}

@misc{ 
	WEEE,
	Author = "Union Europea",
	Title = "Waste Electrical and electronic equipment",
	Howpublished = "http://ec.europa.eu/environment/waste/weee/"
}

@misc{ 
	ercc,
	Author = "Electronics Recycling Coordination Clearinghouse",
	Title = "Electronics Recycling Coordination Clearinghouse",
	Howpublished = "http://www.ecycleclearinghouse.org/"
}

@misc{ 
	epa-statistics,
	Author = "U.S. Enviromental Protection Agency",
	Title = "Statistics on the Management of Used and End-of-Life Electronicos",
	Howpublished = "http://www.epa.gov/osw/conserve/materials/ecycling/manage.htm"
}

@misc{ 
	recycling-process,
	Author = "1800ewaste, Australia's leading electronic waste collection and recycling service.",
	Title = "Recycling process flow chart",
	Howpublished = "http://www.ewaste.com.au/ewaste-articles/how-is-my-electronic-waste-recycled/"
}

@misc{ 
	invenovation,
	Author = "Invenovation",
	Title = "Invenovation founders description",
	Howpublished = "http://www.invenovation.com/aboutus.html"
}

@misc{ 
	wasteland,
	Author = "CBS News",
	Title = "The Electronic WasteLand",
	Howpublished = "http://www.cbsnews.com/video/watch/?id=4586903n"
}